@inproceedings{PSP,
    title = {Encoding in style: a stylegan encoder for image-to-image
             translation},
    author = {Richardson, Elad and Alaluf, Yuval and Patashnik, Or and Nitzan,
              Yotam and Azar, Yaniv and Shapiro, Stav and Cohen-Or, Daniel},
    booktitle = {Proceedings of the IEEE/CVF conference on computer vision and
                 pattern recognition},
    pages = {2287--2296},
    year = {2021},
}

@inproceedings{StyleGAN,
    title = {A style-based generator architecture for generative adversarial
             networks},
    author = {Karras, Tero and Laine, Samuli and Aila, Timo},
    booktitle = {Proceedings of the IEEE/CVF conference on computer vision and
                 pattern recognition},
    pages = {4401--4410},
    year = {2019},
}

@inproceedings{LPIPS,
    title = {The unreasonable effectiveness of deep features as a perceptual
             metric},
    author = {Zhang, Richard and Isola, Phillip and Efros, Alexei A and
              Shechtman, Eli and Wang, Oliver},
    booktitle = {Proceedings of the IEEE conference on computer vision and
                 pattern recognition},
    pages = {586--595},
    year = {2018},
}

@article{LPIPS2,
    title = {Collaborative learning for faster stylegan embedding},
    author = {Guan, Shanyan and Tai, Ying and Ni, Bingbing and Zhu, Feida and
              Huang, Feiyue and Yang, Xiaokang},
    journal = {arXiv preprint arXiv:2007.01758},
    year = {2020},
}

@inproceedings{Pix2Pix,
    title = {Image-to-image translation with conditional adversarial networks},
    author = {Isola, Phillip and Zhu, Jun-Yan and Zhou, Tinghui and Efros,
              Alexei A},
    booktitle = {Proceedings of the IEEE conference on computer vision and
                 pattern recognition},
    pages = {1125--1134},
    year = {2017},
}

@inproceedings{L1,
    title = {Autoencoding beyond pixels using a learned similarity metric},
    author = {Larsen, Anders Boesen Lindbo and S{\o}nderby, S{\o}ren Kaae and
              Larochelle, Hugo and Winther, Ole},
    booktitle = {International conference on machine learning},
    pages = {1558--1566},
    year = {2016},
    organization = {PMLR},
}

@inproceedings{Arcface,
    title = {Arcface: Additive angular margin loss for deep face recognition},
    author = {Deng, Jiankang and Guo, Jia and Xue, Niannan and Zafeiriou,
              Stefanos},
    booktitle = {Proceedings of the IEEE/CVF conference on computer vision and
                 pattern recognition},
    pages = {4690--4699},
    year = {2019},
}

@inproceedings{PatchGAN,
    title = {Precomputed real-time texture synthesis with markovian generative
             adversarial networks},
    author = {Li, Chuan and Wand, Michael},
    booktitle = {Computer Vision--ECCV 2016: 14th European Conference, Amsterdam
                 , The Netherlands, October 11-14, 2016, Proceedings, Part III 14
                 },
    pages = {702--716},
    year = {2016},
    organization = {Springer},
}
